@book{Arfken1985,
    author = {Arfken, G. B. and Weber, H. J. and Harris, H. E.},
    title = {Mathematical Methods for Physicists},
    publisher = {Academic Press},
    year = {1985},
}
@article{Agapov2007,
    author = {Agapov, I. and Blair, G. A. and Woodley, M.},
    doi = {10.1103/PhysRevSTAB.10.112801},
    issn = {10984402},
    journal = {Physical Review Special Topics - Accelerators and Beams},
    number = {11},
    pages = {1--20},
    title = {{Beam emittance measurement with laser wire scanners in the International Linear Collider beam delivery system}},
    volume = {10},
    year = {2007}
}
@article{Anderson2007,
  title = {Accurate iterative analytic solution of the Kapchinskij-Vladimirskij equations for the case of a matched beam},
  author = {Anderson, Oscar A.},
  journal = {Phys. Rev. ST Accel. Beams},
  volume = {10},
  issue = {3},
  pages = {034202},
  numpages = {12},
  year = {2007},
  month = {Mar},
  publisher = {American Physical Society},
  doi = {10.1103/PhysRevSTAB.10.034202},
  url = {https://link.aps.org/doi/10.1103/PhysRevSTAB.10.034202}
}
@article{Anderson2002,
    author = {Anderson, S. G. and Rosenzweig, J. B. and LeSage, G. P. and Crane, J. K.},
    doi = {10.1103/PhysRevSTAB.5.014201},
    issn = {10984402},
    journal = {Physical Review Special Topics - Accelerators and Beams},
    mendeley-groups = {emittance_measurement_4D},
    number = {1},
    pages = {12--23},
    title = {{Space-charge effects in high brightness electron beam emittance measurements}},
    volume = {5},
    year = {2002}
}
@article{Asvesta2020,
    author = {Asvesta, F. and Bartosik, H. and Gilardoni, S. and Huschauer, A. and MacHida, S. and Papaphilippou, Y. and Wasef, R.},
    doi = {10.1103/PhysRevAccelBeams.23.091001},
    issn = {24699888},
    journal = {Physical Review Accelerators and Beams},
    number = {9},
    pages = {91001},
    publisher = {American Physical Society},
    title = {{Identification and characterization of high order incoherent space charge driven structure resonances in the CERN proton synchrotron}},
    url = {https://doi.org/10.1103/PhysRevAccelBeams.23.091001},
    volume = {23},
    year = {2020}
}
@book{Birdsall1975,
    title = {Plasma Physics via Computer Simulation},
    author = {Birdsall C. K. and Langdon, A. B.},
    publisher = {CRC Press},
    year = {1975},
}
@article{Blokland2010,
    author = {Blokland, W. and McManamy, T. and Shea, T. J.},
    journal = {2010 Beam Instrumentation Workshop, BIW 2010 - Proceedings},
    pages = {93--97},
    title = {{SNS target imaging system software and analysis}},
    year = {2010}
}
@inproceedings{Bracco2017,
   author = {Bracco, C.},
   journal = {Proceedings of the CAS–CERN Accelerator School: Beam Injection, Extraction and Transfer, Erice, Italy},
   pages = {141-149},
   publisher = {CERN},
   title = {Phase Space Painting and H− Stripping Injection},
   year = {2017},
}
@article{Branch1999,
  title={A subspace, interior, and conjugate gradient method for large‐scale bound‐constrained minimization problems},
  author={M.A. Branch, T.F. Coleman, T. Li},
  journal={SIAM J Sci Comput.},
  year={1999},
  volume={21},
  pages={1-23}
}
@article{Bungau2014,
    author = {Bungau, Cristian and Bungau, Adriana and Cywinski, Robert and Barlow, Roger and Edgecock, Thomas Robert and Carlsson, Patrick and Danared, H{\aa}kan and Mezei, Ferenc and Holm, Anne Ivalu Sander and M{\o}ller, S{\o}ren Pape and Thomsen, Heine D{\o}lrath},
    doi = {10.1103/PhysRevSTAB.17.084701},
    issn = {10984402},
    journal = {Physical Review Special Topics - Accelerators and Beams},
    number = {8},
    title = {{Induced activation in accelerator components}},
    volume = {17},
    year = {2014}
}
@inproceedings{Buon1993,
    author={Buon, Jean},
    booktitle={Proceedings of the 15th Particle Accelerator Conference, Washington, DC, 1993},
    pages={469},
    publisher={IEEE},
    address={Piscataway, NJ},
    year={1993}
}
@article{Burov2000,
    author = {Burov, A. and Nagaitsev, S. and Shemyakin, A. and Derbenev, Ya},
    doi = {10.1103/physrevstab.3.094002},
    issn = {10984402},
    journal = {Physical Review Special Topics - Accelerators and Beams},
    number = {9},
    pages = {58--68},
    title = {Optical principles of beam transport for relativistic electron cooling},
    volume = {3},
    year = {2000}
}
@article{Burov2002,
    author = {Burov, Alexey and Nagaitsev, Sergei and Derbenev, Yaroslav},
    doi = {10.1103/PhysRevE.66.016503},
    issn = {1063651X},
    journal = {Physical Review E - Statistical Physics, Plasmas, Fluids, and Related Interdisciplinary Topics},
    number = {1},
    pages = {1--13},
    title = {Circular modes, beam adapters, and their applications in beam optics},
    volume = {66},
    year = {2002}
}
@article{Burov2013,
    author = {Burov, A.},
    doi = {10.1103/PhysRevSTAB.16.061002},
    issn = {10984402},
    journal = {Physical Review Special Topics - Accelerators and Beams},
    number = {6},
    pages = {3--5},
    title = {Circular modes for flat beams in the LHC},
    volume = {16},
    year = {2013}
}
@article{Cathey2018,
  title = {First Six Dimensional Phase Space Measurement of an Accelerator Beam},
  author = {Cathey, Brandon and Cousineau, Sarah and Aleksandrov, Alexander and Zhukov, Alexander},
  journal = {Phys. Rev. Lett.},
  volume = {121},
  issue = {6},
  pages = {064804},
  numpages = {5},
  year = {2018},
  month = {Aug},
  publisher = {American Physical Society},
  doi = {10.1103/PhysRevLett.121.064804},
  url = {https://link.aps.org/doi/10.1103/PhysRevLett.121.064804}
}
@article{Chernin1988,
   author = {D. Chernin},
   journal = {Particle Accelerators},
   pages = {29-44},
   title = {Evolution of RMS beam envelopes in transport systems with linear X-Y coupling},
   volume = {24},
   year = {1988},
}
@book{Chao1993,
    title = {Physics of Collective Beam Instabilities in High Energy Accelerators},
    author = {Chao, A. W.},
    publisher = {Wiley-VCH},
    year = {1993},
}
@book{Chao2012,
    author = {Chao, Alexander Wu and Mess, Karl Hubert and Tigner, Maury and Zimmermann, Frank},
    title = {Handbook of Accelerator Physics and Engineering},
    publisher = {WORLD SCIENTIFIC},
    year = {2013},
    doi = {10.1142/8543},
    address = {},
    edition   = {2nd},
    URL = {https://www.worldscientific.com/doi/abs/10.1142/8543},
    eprint = {https://www.worldscientific.com/doi/pdf/10.1142/8543}
}
@article{Corlett2001,
    author = {Corlett, J. and DeSantis, S. and Hartman, N. and Heimann, P. and Lafever, R. and Li, D. and Padmore, H. and Rimmer, R. and Robinson, K. E. and Schoenlein, R. and Tanabe, J. and Wang, S. and Zholents, A. and Kairan, D.},
    doi = {10.1109/pac.2001.987856},
    isbn = {0780371917},
    journal = {Proceedings of the IEEE Particle Accelerator Conference},
    pages = {2635--2637},
    title = {{A dedicated synchrotron light source for ultrafast X-ray science}},
    volume = {4},
    year = {2001}
}
@article{Courant1958,
    title = "Theory of the alternating-gradient synchrotron",
    journal = "Annals of Physics",
    volume = "3",
    number = "1",
    pages = "1 - 48",
    year = "1958",
    issn = "0003-4916",
    doi = "https://doi.org/10.1016/0003-4916(58)90012-5",
    url = "http://www.sciencedirect.com/science/article/pii/0003491658900125",
    author = "E.D Courant and H.S Snyder"
}
@phdthesis{Cousineau2003,
    author={Cousineau, S. M.},
    title={Understanding space charge and controlling beam loss in high intensity synchrotrons},
    school={Indiana University},
    year={2003}
}
@article{Cousineau2017,
    author = {Cousineau, Sarah and Rakhman, Abdurahim and Kay, Martin and Aleksandrov, Alexander and Danilov, Viatcheslav and Gorlov, Timofey and Liu, Yun and Plum, Michael and Shishlo, Andrei and Johnson, David},
    doi = {10.1103/PhysRevLett.118.074801},
    issn = {10797114},
    journal = {Physical Review Letters},
    number = {7},
    pages = {1--5},
    pmid = {28256874},
    title = {{First Demonstration of Laser-Assisted Charge Exchange for Microsecond Duration H- Beams}},
    volume = {118},
    year = {2017}
}
@article{Crosbie1996,
    author = {Crosbie, E. and Symon, K.},
    doi = {10.1063/1.51077},
    number = {May},
    pages = {260--282},
    title = {Injection into a circular machine with a KV distribution},
    volume = {260},
    year = {1996}
}
@article{Danilov2003,
   author = {V. Danilov and S. Cousineau and S. Henderson and J. Holmes},
   doi = {10.1103/PhysRevSTAB.6.094202},
   issn = {10984402},
   issue = {9},
   journal = {Physical Review Special Topics - Accelerators and Beams},
   pages = {74-85},
   publisher = {American Physical Society},
   title = {Self-consistent time dependent two dimensional and three dimensional space charge distributions with linear force},
   volume = {6},
   year = {2003},
}
@inproceedings{Danilo1996,
    author = {Danilov, V V and Ivanov, P M and Koop, I A and Nesterenko, I N and Perevedentsev, E A and Shatilov, D N and Shatunov, Yu M and Skrinsky, A N},
    title = {The concept of round colliding beams},
    booktitle={EPAC’96, Barcelona, Spain},
    year = {1996}
}
@article{Derbenev2000,
    author = {Derbenev, Ya S.},
    doi = {10.1016/S0168-9002(99)01137-7},
    issn = {01689002},
    journal = {Nuclear Instruments and Methods in Physics Research, Section A: Accelerators, Spectrometers, Detectors and Associated Equipment},
    number = {1},
    pages = {223--233},
    title = {{Advanced optical concepts for electron cooling}},
    volume = {441},
    year = {2000}
}
@book{Dragt2018,
    title = {Lie Methods for Nonlinear Dynamics with Applications to Accelerator Physics},
    author = {Dragt, A. J.},
    year = {2018},
}
@article{Edwards1973,
   author = {D. A. Edwards and L. C. Teng},
   journal = {IEEE Trans. Nucl. Sci.},
   pages = {885},
   title = {Evolution of RMS beam envelopes in transport systems with linear X-Y coupling},
   volume = {20},
   year = {1973},
}
@phdthesis{Evans2014,
    author={Evans, N. J.},
    title={Longitudinal Phase Space Tomography of Charged Particle Beams},
    school={University of Texas, Austin},
    year={2014}
}
@article{Faus-Golfe2016,
    author = {Faus-Golfe, A. and Navarro, J. and {Fuster Martinez}, N. and {Resta Lopez}, J. and {Giner Navarro}, J.},
    doi = {10.1016/j.nima.2016.02.064},
    issn = {01689002},
    journal = {Nuclear Instruments and Methods in Physics Research, Section A: Accelerators, Spectrometers, Detectors and Associated Equipment},
    pages = {122--138},
    publisher = {Elsevier},
    title = {{Emittance reconstruction from measured beam sizes in ATF2 and perspectives for ILC}},
    url = {http://dx.doi.org/10.1016/j.nima.2016.02.064},
    volume = {819},
    year = {2016}
}
@book{Forest1998,
    author = {Forest, E.}, 
    title = {Beam Dynamics: A New Attitude and Framework}, publisher = {Harwood Academic Publishers},
    year = {1998},
}
@inproceedings{Franchetti2017,
   author = {G. Franchetti},
   doi = {10.23730/CYRSP-2017-003.353},
   isbn = {9789290834625},
   issn = {2519805X},
   issue = {November},
   journal = {CERN Yellow Reports: School Proceedings},
   pages = {353-390},
   publisher = {CERN},
   title = {Space charge in circular machines},
   volume = {3},
   year = {2017},
}
@article{Garoby2017,
	doi = {10.1088/1402-4896/aa9bff},
	url = {https://doi.org/10.1088/1402-4896/aa9bff},
	year = 2017,
	month = {dec},
	publisher = {{IOP} Publishing},
	volume = {93},
	number = {1},
	pages = {014001},
	author = {Roland Garoby and A Vergara and H Danared and I Alonso and E Bargallo and B Cheymol and C Darve and M Eshraqi and H Hassanzadegan and A Jansson and I Kittelmann and Y Levinsen and M Lindroos and C Martins and {\O} Midttun and R Miyamoto and S Molloy and D Phan and A Ponton and E Sargsyan and T Shea and A Sunesson and L Tchelidze and C Thomas and M Jensen and W Hees and P Arnold and M Juni-Ferreira and F Jensen and A Lundmark and D McGinnis and N Gazis and J Weisend II and M Anthony and E Pitcher and L Coney and M Gohran and J Haines and R Linander and D Lyngh and U Oden and H Carling and R Andersson and S Birch and J Cereijo and T Friedrich and T Korhonen and E Laface and M Mansouri-Sharifabad and A Monera-Martinez and A Nordt and D Paulic and D Piso and S Regnell and M Zaera-Sanz and M Aberg and K Breimer and K Batkov and Y Lee and L Zanini and M Kickulies and Y Bessler and J Ringn{\'{e}}r and J Jurns and A Sadeghzadeh and P Nilsson and M Olsson and J-E Presteng and H Carlsson and A Polato and J Harborn and K Sjögreen and G Muhrer and F Sordo},
	title = {The European Spallation Source Design},
	journal = {Physica Scripta},
}
@article{Geer2009,
    author = {Geer, Steve},
    doi = {10.1146/annurev.nucl.010909.083736},
    issn = {0163-8998},
    journal = {Annual Review of Nuclear and Particle Science},
    month = {Nov},
    number = {1},
    pages = {347--365},
    publisher = { Annual Reviews },
    title = {Muon Colliders and Neutrino Factories},
    url = {https://www.annualreviews.org/doi/10.1146/annurev.nucl.010909.083736},
    volume = {59},
    year = {2009}
}
@article{Gluckstern1994,
  title = {Analytic Model for Halo Formation in High Current Ion Linacs},
  author = {Gluckstern, Robert L.},
  journal = {Phys. Rev. Lett.},
  volume = {73},
  issue = {9},
  pages = {1247--1250},
  numpages = {0},
  year = {1994},
  month = {Aug},
  publisher = {American Physical Society},
  doi = {10.1103/PhysRevLett.73.1247},
  url = {https://link.aps.org/doi/10.1103/PhysRevLett.73.1247}
}
@article{Gluckstern1998,
  title = {Halo formation in three-dimensional bunches},
  author = {Gluckstern, R. L. and Fedotov, A. V. and Kurennoy, S. and Ryne, R.},
  journal = {Phys. Rev. E},
  volume = {58},
  issue = {4},
  pages = {4977--4990},
  numpages = {0},
  year = {1998},
  month = {Oct},
  publisher = {American Physical Society},
  doi = {10.1103/PhysRevE.58.4977},
  url = {https://link.aps.org/doi/10.1103/PhysRevE.58.4977}
}
@book{Golub1985,
    author = {Golub, G. H. and Van Loan, C. F.},
    title = {Matrix Computations},
    publisher = {Johns Hopkins University Press},
    year = {1983},
}
@book{Gosson2006,
   author={M. de Gosson},
   publisher = {Springer},
   title={Symplectic Geometry and Quantum Mechanics}, 
   year = {2017},
}
@article{Goswami2016,
   author = {A. Goswami and P. Sing Babu and V. S. Pandit},
   doi = {10.1140/epjp/i2016-16393-x},
   issn = {21905444},
   issue = {11},
   journal = {European Physical Journal Plus},
   month = {11},
   publisher = {Springer Verlag},
   title = {Beam dynamics and stability analysis of an intense beam in a continuously twisted quadrupole focusing channel},
   volume = {131},
   year = {2016},
}
@article{Haines2014,
    title = {Spallation neutron source target station design, development, and commissioning},
    journal = {Nuclear Instruments and Methods in Physics Research Section A: Accelerators, Spectrometers, Detectors and Associated Equipment},
    volume = {764},
    pages = {94-115},
    year = {2014},
    issn = {0168-9002},
    doi = {https://doi.org/10.1016/j.nima.2014.03.068},
    url = {https://www.sciencedirect.com/science/article/pii/S0168900214003829},
    author = {J.R. Haines and T.J. McManamy and T.A. Gabriel and R.E. Battle and K.K. Chipley and J.A. Crabtree and L.L. Jacobs and D.C. Lousteau and M.J. Rennich and B.W. Riemer},
}
@article{Henderson2014,
    author = {Henderson, S. and others},
    doi = {10.1016/j.nima.2014.03.067},
    issn = {01689002},
    journal = {Nuclear Instruments and Methods in Physics Research, Section A: Accelerators, Spectrometers, Detectors and Associated Equipment},
    pages = {610--673},
    title = {{The Spallation Neutron Source accelerator system design}},
    volume = {763},
    year = {2014}
}
@article{Hill1886,
    author = {Hill, G. W.},
    doi = {10.1007/BF02417081},
    issn = {00015962},
    journal = {Acta Mathematica},
    number = {1},
    pages = {1--36},
    title = {On the part of the motion of the lunar perigee which is a function of the mean motions of the sun and moon},
    volume = {8},
    year = {1886}
}
@article{Hock2011,
    author = {Hock, K. M. and Ibison, M. G. and Holder, D. J. and Wolski, A. and Muratori, B. D.},
    doi = {10.1016/j.nima.2011.04.002},
    issn = {01689002},
    journal = {Nuclear Instruments and Methods in Physics Research, Section A: Accelerators, Spectrometers, Detectors and Associated Equipment},
    number = {1},
    pages = {36--44},
    publisher = {Elsevier},
    title = {Beam tomography in transverse normalised phase space},
    url = {http://dx.doi.org/10.1016/j.nima.2011.04.002},
    volume = {642},
    year = {2011}
}
@article{Hock2013a,
    author = {Hock, K. M. and Ibison, M. G.},
    doi = {10.1088/1748-0221/8/02/P02003},
    issn = {17480221},
    journal = {Journal of Instrumentation},
    number = {2},
    title = {A study of the maximum entropy technique for phase space tomography},
    volume = {8},
    year = {2013}
}
@article{Hock2013b,
    author = {Hock, K. M. and Wolski, A.},
    doi = {10.1016/j.nima.2013.05.004},
    issn = {01689002},
    journal = {Nuclear Instruments and Methods in Physics Research, Section A: Accelerators, Spectrometers, Detectors and Associated Equipment},
    pages = {8--16},
    publisher = {Elsevier},
    title = {{Tomographic reconstruction of the full 4D transverse phase space}},
    url = {http://dx.doi.org/10.1016/j.nima.2013.05.004},
    volume = {726},
    year = {2013}
}
@article{Hock2014,
    author = {Hock, K. M. and Ibison, M. G. and Holder, D. J. and Muratori, B. D. and Wolski, A. and Kourkafas, G. and Shepherd, B. J.A.},
    doi = {10.1016/j.nima.2014.03.050},
    issn = {01689002},
    journal = {Nuclear Instruments and Methods in Physics Research, Section A: Accelerators, Spectrometers, Detectors and Associated Equipment},
    pages = {38--55},
    publisher = {Elsevier},
    title = {{Beam tomography research at Daresbury Laboratory}},
    url = {http://dx.doi.org/10.1016/j.nima.2014.03.050},
    volume = {753},
    year = {2014}
}
@book{Hockney1981,
    title = {Computer Simulation Using Particles},
    author = {Hockney, R. W. and Eastwood, J. W.},
    publisher = {CRC Press},
    year = {1981},
}
@article{Hofmann1983,
    author = {I. Hofmann and L.J Laslett and L. Smith and I. Haber},
    title = {Stability of the Kapchinskij-Vladimirskij (K-V) distribution in long periodic transport systems},
    journal = {Part. Accel.},
    volume = {13},
    pages = {145-178},
    year = {1983}
}
@book{Hofmann2017Book,
   author = {Ingo Hofmann},
   publisher = {Springer},
   title = {Space Charge Physics for Particle Accelerators},
   year = {2017},
}
@article{Hofmann2021,
  title = {Self-consistent long-term dynamics of space charge driven resonances in 2D and 3D},
  author = {Hofmann, Ingo and Oeftiger, Adrian and Boine-Frankenheim, Oliver},
  journal = {Phys. Rev. Accel. Beams},
  volume = {24},
  issue = {2},
  pages = {024201},
  numpages = {10},
  year = {2021},
  month = {Feb},
  publisher = {American Physical Society},
  doi = {10.1103/PhysRevAccelBeams.24.024201},
  url = {https://link.aps.org/doi/10.1103/PhysRevAccelBeams.24.024201}
}
@article{Holmes1999,
    author = {Holmes, J. A. and Danilov, V. V. and Galambos, J. D. and Jeon, D. and Olsen, D. K.},
    doi = {10.1103/physrevstab.2.114202},
    issn = {10984402},
    journal = {Physical Review Special Topics - Accelerators and Beams},
    number = {11},
    pages = {41--58},
    title = {{Space charge dynamics in high intensity rings}},
    volume = {2},
    year = {1999}
}
@article{Holmes2011,
    author = {Holmes, J. A. and Cousineau, S. and Danilov, V. and Jain, L.},
    doi = {10.1103/PhysRevSTAB.14.074401},
    issn = {10984402},
    journal = {Physical Review Special Topics - Accelerators and Beams},
    number = {7},
    pages = {1--11},
    title = {{Comparison between measurements, simulations, and theoretical predictions of the extraction kicker transverse dipole instability in the Spallation Neutron Source}},
    volume = {14},
    year = {2011}
}
@article{Holmes2018,
  title = {Injection of a self-consistent beam with linear space charge force into a ring},
  author = {Holmes, J. A. and Gorlov, T. and Evans, N. J. and Plum, M. and Cousineau, S.},
  journal = {Phys. Rev. Accel. Beams},
  volume = {21},
  issue = {12},
  pages = {124403},
  numpages = {14},
  year = {2018},
  month = {Dec},
  publisher = {American Physical Society},
  doi = {10.1103/PhysRevAccelBeams.21.124403},
  url = {https://link.aps.org/doi/10.1103/PhysRevAccelBeams.21.124403}
}
@article{Hoover2021,
    author = {Hoover, A. and Evans, N. J. and Holmes, J. A.},
    doi = {10.1103/PhysRevAccelBeams.24.044201},
    issn = {24699888},
    journal = {Physical Review Accelerators and Beams},
    number = {4},
    pages = {44201},
    publisher = {American Physical Society},
    title = {{Computation of the matched envelope of the Danilov distribution}},
    url = {https://doi.org/10.1103/PhysRevAccelBeams.24.044201},
    volume = {24},
    year = {2021}
}
@inproceedings{Hoover2021-IPAC,
    title = {Simulation of 4D emittance measurement at the Spallation Neutron Source},
    author = {Hoover, A. and Evans, N. J.},
    year = {2021},
    journal = {Proceedings of the 12th International Particle Accelerator Conference}
}
@article{Hotchi2020,
  title = {Effects of the Montague resonance on the formation of the beam distribution during multiturn injection painting in a high-intensity proton ring},
  author = {Hotchi, H.},
  journal = {Phys. Rev. Accel. Beams},
  volume = {23},
  issue = {5},
  pages = {050401},
  numpages = {13},
  year = {2020},
  month = {May},
  publisher = {American Physical Society},
  doi = {10.1103/PhysRevAccelBeams.23.050401},
  url = {https://link.aps.org/doi/10.1103/PhysRevAccelBeams.23.050401}
}
@book{Jackson1975,
    author = {Jackson, John David},
    title = {Classical electrodynamics; 2nd ed.},
    publisher = {Wiley},
    address = {New York, NY},
    year = {1975},
    url = {https://cds.cern.ch/record/100964},
}
@article{Jeon1999,
    author = {Jeon, D. and Holmes, J. A. and Danilov, V. V. and Galambos, J. D. and Olsen, D. K.},
    doi = {10.1103/PhysRevE.60.7479},
    issn = {1063651X},
    journal = {Physical Review E - Statistical Physics, Plasmas, Fluids, and Related Interdisciplinary Topics},
    number = {6},
    pages = {7479--7483},
    pmid = {11970696},
    title = {{Effects of resonances on halo formation in high-intensity storage rings}},
    volume = {60},
    year = {1999}
}
@inproceedings{Kapchinskij1959,
    author = "Kapchinskij, I.M. and Vladimirskij, V.V.",
    title = "{Limitations Of Proton Beam Current In A Strong Focusing Linear Accelerator Associated With The Beam Space Charge}",
    booktitle = "{2nd International Conference on High-Energy Accelerators}",
    pages = "274--287",
    year = "1959"
}
@article{Kim2003,
    author = {Kim, Kwang Je},
    doi = {10.1103/PhysRevSTAB.6.104002},
    issn = {10984402},
    journal = {Physical Review Special Topics - Accelerators and Beams},
    number = {10},
    pages = {34--39},
    title = {Round-to-flat transformation of angular-momentum-dominated beams},
    volume = {6},
    year = {2003}
}
@article{Kojima2019,
    title = {Empirical condition of betatron resonances with space charge},
    author = {Kojima, K. and Okamoto, H. and Tokashiki, Y.},
    journal = {Phys. Rev. Accel. Beams},
    volume = {22},
    issue = {7},
    pages = {074201},
    numpages = {28},
    year = {2019},
    month = {Jul},
    publisher = {American Physical Society},
    doi = {10.1103/PhysRevAccelBeams.22.074201},
    url = {https://link.aps.org/doi/10.1103/PhysRevAccelBeams.22.074201}
}
@article{Lebedev2010,
    author = {Lebedev, V.A. and Bogacz, S.A.},
    title = {Betatron Motion with Coupling of Horizontal and Vertical Degrees of Freedom},
    eprint = "1207.5526",
    archivePrefix = "arXiv",
    primaryClass = "physics.acc-ph",
    reportNumber = "FERMILAB-PUB-10-383-AD, JLAB-ACP-10-1251",
    doi = "10.1088/1748-0221/5/10/P10010",
    journal = "JINST",
    volume = "5",
    pages = "P10010",
    year = "2010"
}
@book{Lee2011,
    author = {Lee, S Y},
    title = {Accelerator Physics},
    publisher = {WORLD SCIENTIFIC},
    year = {2011},
    edition = {3rd},
}
@article{Li2014,
    author = {Li, Chao and Zhao, Ya Liang},
    doi = {10.1103/PhysRevSTAB.17.124202},
    issn = {10984402},
    journal = {Physical Review Special Topics - Accelerators and Beams},
    number = {12},
    pages = {1--5},
    title = {{Envelope instability and the fourth order resonance}},
    volume = {17},
    year = {2014}
}
@article{Lin1965,
    author = {Lin, C. C. and Mestel, L. and Shu, F. H.},
    journal = {Astrophys. J.},
    issue = {142},
    pages = {1431},
    year = {1965},
}
@article{Luiten2004,
  title = {How to Realize Uniform Three-Dimensional Ellipsoidal Electron Bunches},
  author = {Luiten, O. J. and van der Geer, S. B. and de Loos, M. J. and Kiewiet, F. B. and van der Wiel, M. J.},
  journal = {Phys. Rev. Lett.},
  volume = {93},
  issue = {9},
  pages = {094802},
  numpages = {4},
  year = {2004},
  month = {Aug},
  publisher = {American Physical Society},
  doi = {10.1103/PhysRevLett.93.094802},
  url = {https://link.aps.org/doi/10.1103/PhysRevLett.93.094802}
}
@article{Lund2004,
  title = {Stability properties of the transverse envelope equations describing intense ion beam transport},
  author = {Lund, Steven M. and Bukh, Boris},
  journal = {Phys. Rev. ST Accel. Beams},
  volume = {7},
  issue = {2},
  pages = {024801},
  numpages = {47},
  year = {2004},
  month = {Feb},
  publisher = {American Physical Society},
  doi = {10.1103/PhysRevSTAB.7.024801},
  url = {https://link.aps.org/doi/10.1103/PhysRevSTAB.7.024801}
}
@article{Lund2006,
  title = {Efficient computation of matched solutions of the Kapchinskij-Vladimirskij envelope equations for periodic focusing lattices},
  author = {Lund, Steven M. and Chilton, Sven H. and Lee, Edward P.},
  journal = {Phys. Rev. ST Accel. Beams},
  volume = {9},
  issue = {6},
  pages = {064201},
  numpages = {15},
  year = {2006},
  month = {Jun},
  publisher = {American Physical Society},
  doi = {10.1103/PhysRevSTAB.9.064201},
  url = {https://link.aps.org/doi/10.1103/PhysRevSTAB.9.064201}
}
@article{Lund2009,
    title = {Generation of initial kinetic distributions for simulation of long-pulse charged particle beams with high space-charge intensity},
    author = {Lund, Steven M. and Kikuchi, Takashi and Davidson, Ronald C.},
    journal = {Phys. Rev. ST Accel. Beams},
    volume = {12},
    issue = {11},
    pages = {114801},
    numpages = {50},
    year = {2009},
    month = {Nov},
    publisher = {American Physical Society},
    doi = {10.1103/PhysRevSTAB.12.114801},
    url = {https://link.aps.org/doi/10.1103/PhysRevSTAB.12.114801}
}
@unpublished{LundLecture1,
    author = {Steven Lund},
    title = {Lecture, USPAS: Beam Physics with Intense Space Charge},
    month = {January},
    year = {2020},
    note = {\url{https://people.nscl.msu.edu/~lund/uspas/bpisc_2020/lec_set_04/}},
    annote = {Hi there}
}
@inproceedings{Milas2021,
    author = {N. Milas et al.},
    title = {OpenXAL Status Report 2021},
    journal = {Proceedings of the 12th International Particle Accelerator Conference},
    year = {2021},
}
@article{Minerbo1979,
  title={MENT: A maximum entropy algorithm for reconstructing a source from projection data},
  author={Gerald N. Minerbo},
  journal={Computer Graphics and Image Processing},
  year={1979},
  volume={10},
  pages={48-68}
}
@book{book:Minty2003,
    author = "Minty, M.G. and Zimmermann, F.",
    title = "{Measurement and control of charged particle beams}",
    doi = "10.1007/978-3-662-08581-3",
    isbn = "978-3-540-44187-8",
    publisher = "Berlin",
    address = "Springer",
    series = "Particle acceleration and detection",
    year = "2003"
}
@inproceedings{Morozov-forthcoming,
    title = {Feasibility of Implementing Pseudo-Circular Mode Optics in the SNS Accumulator Ring},
    author = {Morozov, V. S. and Burov, A. V. and Evans, N. J. and Gilanlioguillari, O. and Hoover, A. and Mustapha, B. and Snopok, P.},
    year = {forthcoming},
    journal = {Proceedings of the 13th International Particle Accelerator Conference}
}
@article{Mostacci2012,
    author = {Mostacci, A. and Bellaveglia, M. and Chiadroni, E. and Cianchi, A. and Ferrario, M. and Filippetto, D. and Gatti, G. and Ronsivalle, C.},
    doi = {10.1103/PhysRevSTAB.15.082802},
    issn = {10984402},
    journal = {Physical Review Special Topics - Accelerators and Beams},
    number = {8},
    pages = {1--14},
    title = {{Chromatic effects in quadrupole scan emittance measurements}},
    volume = {15},
    year = {2012}
}
@article{Musumeci2008,
    title = {Experimental Generation and Characterization of Uniformly Filled Ellipsoidal Electron-Beam Distributions},
    author = {Musumeci, P. and Moody, J. T. and England, R. J. and Rosenzweig, J. B. and Tran, T.},
    journal = {Phys. Rev. Lett.},
    volume = {100},
    issue = {24},
    pages = {244801},
    numpages = {4},
    year = {2008},
    month = {Jun},
    publisher = {American Physical Society},
    doi = {10.1103/PhysRevLett.100.244801},
    url = {https://link.aps.org/doi/10.1103/PhysRevLett.100.244801}
}
@book{Ng2005,
    author = {Ng, K Y},
    doi = {10.1142/5835},
    publisher = {WORLD SCIENTIFIC},
    title = {{Physics of Intensity Dependent Beam Instabilities}},
    url = {https://www.worldscientific.com/doi/abs/10.1142/5835},
    year = {2005}
}
@article{Pelaia2016,
    archivePrefix = {arXiv},
    arxivId = {1604.05167},
    author = {Pelaia, Thomas},
    eprint = {1604.05167},
    pages = {0--2},
    title = {{Parameter Estimation of Gaussian-Damped Sinusoids from a Geometric Perspective}},
    url = {http://arxiv.org/abs/1604.05167},
    year = {2016}
}
@article{Prat2014,
   author = {Eduard Prat and Masamitsu Aiba},
   doi = {10.1103/PhysRevSTAB.17.052801},
   issn = {10984402},
   issue = {5},
   journal = {Physical Review Special Topics - Accelerators and Beams},
   month = {5},
   publisher = {American Physical Society},
   title = {Four-dimensional transverse beam matrix measurement using the multiple-quadrupole scan technique},
   volume = {17},
   year = {2014},
}
@article{Prior2016,
    author = {Prior, C. R.},
    isbn = {9783954501854},
    journal = {HB 2016 - Proceedings of the 57th ICFA Advanced Beam Dynamics Workshop on High-Intensity, High Brightness and High Power Hadron Beams},
    pages = {379--384},
    title = {{Studies of high intensity proton FFAGs at RAL}},
    url = {https://accelconf.web.cern.ch/hb2016/papers/weam6x01.pdf},
    year = {2016}
}
@article{Qiang2018,
    author = {Qiang, Ji},
    doi = {10.1103/PhysRevAccelBeams.21.034201},
    issn = {24699888},
    journal = {Physical Review Accelerators and Beams},
    number = {3},
    pages = {34201},
    publisher = {American Physical Society},
    title = {Three-dimensional envelope instability in periodic focusing channels},
    url = {https://doi.org/10.1103/PhysRevAccelBeams.21.034201},
    volume = {21},
    year = {2018}
}
@article{Qin2007,
    title = {Symmetries and invariants of the oscillator and envelope equations with time-dependent frequency},
    author = {Qin, Hong and Davidson, Ronald C.},
    journal = {Phys. Rev. ST Accel. Beams},
    volume = {9},
    issue = {5},
    pages = {054001},
    numpages = {5},
    year = {2006},
    month = {May},
    publisher = {American Physical Society},
    doi = {10.1103/PhysRevSTAB.9.054001},
    url = {https://link.aps.org/doi/10.1103/PhysRevSTAB.9.054001}
}
@article{Qin2009,
    title = {Generalized Courant-Snyder theory for coupled transverse dynamics of charged particles in electromagnetic focusing lattices},
    author = {Qin, Hong and Davidson, Ronald C.},
    journal = {Phys. Rev. ST Accel. Beams},
    volume = {12},
    issue = {6},
    pages = {064001},
    numpages = {13},
    year = {2009},
    month = {Jun},
    publisher = {American Physical Society},
    doi = {10.1103/PhysRevSTAB.12.064001},
    url = {https://link.aps.org/doi/10.1103/PhysRevSTAB.12.064001}
}
@article{Qin2013,
    author = {Qin, Hong and Davidson, Ronald C.},
    doi = {10.1103/PhysRevLett.110.064803},
    issn = {00319007},
    journal = {Physical Review Letters},
    number = {6},
    pages = {1--5},
    title = {{Class of generalized Kapchinskij-Vladimirskij solutions and associated envelope equations for high-intensity charged-particle beams}},
    volume = {110},
    year = {2013}
}
@article{Raimondi1993,
    author = {Raimondi, P. and Emma, P. J. and Toge, N. and Walker, N. J. and Ziemann, V.},
    doi = {10.1109/pac.1993.309003},
    isbn = {0780312031},
    journal = {Proceedings of the IEEE Particle Accelerator Conference},
    pages = {98--99},
    title = {{Sigma matrix reconstruction in the SLC final focus}},
    volume = {1},
    year = {1993},
}
@book{Reichl1992,
    title = {The Transition to Chaos
In Conservative Classical Systems: Quantum Manifestations},
    author = {Linda Reichl},
    publisher = {Springer, New York, NY},
    year = {1992},
    doi = {https://doi.org/10.1007/978-1-4757-4352-4}
}
@book{book:Reiser,
    author = {Reiser, M},
    title = {Theory and Design of Charged Particle Beams},
    publisher = {John Wiley and Sons, Ltd},
    year = {2008}
}
@inproceedings{Riemer2010,
    address = {United States},
    author = {Riemer, Bernie and Abdou, Ashraf A and Felde, David K and Sangrey, Robert L and Wendel, Mark W},
    title = {Results from cavitation damage experiments with mercury spallation targets at the LANSCE WNR in 2008},
    url = {https://www.osti.gov/biblio/1001306 conference: International Collaboration of Advanced Neutron Sources (ICANS XIX), Grindelwald, Switzerland, 20100308, 20100312},
    year = {2010}
}
@article{Ripken1989,
    author = {Willeke,F.  and Ripken,G. },
    title = {Methods of beam optics},
    journal = {AIP Conference Proceedings},
    volume = {184},
    number = {1},
    pages = {758-819},
    year = {1989},
    doi = {10.1063/1.38050},
    url = {https://aip.scitation.org/doi/abs/10.1063/1.38050}
}
@article{Russell1990,
    author = {Russell, Gary J.},
    journal = {International Collaboration on Advanced Neutron Sources KEK. Tsukuba},
    pages = {291--299},
    title = {Spallation Physics - An Overview},
    year = {1990}
}
@article{Ryne1995,
  title={Finding matched rms envelopes in rf linacs: A Hamiltonian approach},
  author={R. Ryne},
  journal={arXiv: Accelerator Physics},
  year={1995}
}
@phdthesis{Sacherer1968,
    author={Sacherer, Frank James},
    title={Transverse Space Charge Effects in Circular Accelerators},
    reportNumber={UCLR-18454},
    school={UC, Berkeley},
    year={1968}
}
@article{Sander1979,
    author = {Sander, O. R. and Minerbo, G. N. and Jameson, R. A. and Chamberlin, D. D.},
    journal = {Proceedings of the 1979 Linear Accelerator Conference, Montauk, New York, USA},
    title = {Beam tomography in two and four dimensions},
    year = {1979},
}
@article{Schachinger1987,
    author = {Schachinger, L and Talman, R},
    journal = {Particle Accelerators},
    pages = {35--56},
    title = {{Teapot: a Thin-Element Accelerator Program for Optics and Tracking}},
    url = {http://inspirehep.net/record/221100/files/p35.pdf},
    volume = {22},
    year = {1987}
}
@article{Shishlo2015,
    title={The Particle Accelerator Simulation Code PyORBIT},
    journal={Procedia Computer Science},
    volume={51},
    pages={1272 - 1281},
    year={2015},
    note={International Conference On Computational Science, ICCS 2015},
    issn={1877-0509},
    doi={https://doi.org/10.1016/j.procs.2015.05.312},
    url={http://www.sciencedirect.com/science/article/pii/S1877050915011205},
    author={Andrei Shishlo and Sarah Cousineau and Jeffrey Holmes and Timofey Gorlov}
}
@book{Slaney1988,
    title = {Principles of Computerized Tomographic Imaging},
    author = {Slany, M. and Kak, A. C.},
    publisher = {IEEE Press.},
    year = {1988},
}
@article{Vlasov1961,
    author = {Vlasov, A. A.},
    year = {1961},
    title = {Many-Particle Theory and Its Application to Plasma},
    publisher = {New York},
}
@article{Wangler1998,
  title = {Particle-core model for transverse dynamics of beam halo},
  author = {Wangler, T. P. and Crandall, K. R. and Ryne, R. and Wang, T. S.},
  journal = {Phys. Rev. ST Accel. Beams},
  volume = {1},
  issue = {8},
  pages = {084201},
  numpages = {9},
  year = {1998},
  month = {Dec},
  publisher = {American Physical Society},
  doi = {10.1103/PhysRevSTAB.1.084201},
  url = {https://link.aps.org/doi/10.1103/PhysRevSTAB.1.084201}
}
@book{Wangler2008,
    title = {RF Linear Accelerators},
    author = {Wangler, T. P.},
    year = {2008},
    publisher = {Wiley-VCH}
}
@article{Wang2019,
    author = {Wang, Minwen and Wang, Zhongming and Wang, Di and Liu, Wolong and Wang, Baichuan and Wang, Maocheng and Qiu, Mengtong and Guan, Xialing and Wang, X. and Huang, Wenhui and Zheng, Shuxin},
    doi = {10.1016/j.nima.2019.162438},
    issn = {01689002},
    journal = {Nuclear Instruments and Methods in Physics Research, Section A: Accelerators, Spectrometers, Detectors and Associated Equipment},
    number = {June},
    pages = {162438},
    publisher = {Elsevier Ltd},
    title = {{Four-dimensional phase space measurement using multiple two-dimensional profiles}},
    url = {https://doi.org/10.1016/j.nima.2019.162438},
    volume = {943},
    year = {2019}
}
@article{Wolski2006,
    title = {Alternative approach to general coupled linear optics},
    author = {Wolski, Andrzej},
    journal = {Phys. Rev. ST Accel. Beams},
    volume = {9},
    issue = {2},
    pages = {024001},
    numpages = {11},
    year = {2006},
    month = {Feb},
    publisher = {American Physical Society},
    doi = {10.1103/PhysRevSTAB.9.024001},
    url = {https://link.aps.org/doi/10.1103/PhysRevSTAB.9.024001}
}
@article{Wolski2020,
    author = {Wolski, A. and Christie, D. C. and Militsyn, B. L. and Scott, D. J. and Kockelbergh, H.},
    doi = {10.1103/PhysRevAccelBeams.23.032804},
    issn = {24699888},
    journal = {Physical Review Accelerators and Beams},
    number = {3},
    pages = {32804},
    publisher = {American Physical Society},
    title = {Transverse phase space characterization in an accelerator test facility},
    url = {https://doi.org/10.1103/PhysRevAccelBeams.23.032804},
    volume = {23},
    year = {2020}
}
@article{Wong-forthcoming,
    title = {4D transverse phase space tomography of an operational hydrogen ion beam via non-invasive 2D measurements using laser wires},
    author = {Wong, J. C. and Shishlo, A. and Alexander Aleksandrov, A. and Liu, Y. and Long, C.},
    year = {forthcoming},
    journal = {Physical Review Accelerators and Beams},
}
@article{Woodley2000,
    archivePrefix = {arXiv},
    arxivId = {physics/0008194},
    author = {Woodley, M. D. and Emma, P. E.},
    eprint = {0008194},
    pages = {4--6},
    primaryClass = {physics},
    title = {{Measurement and Correction of Cross-Plane Coupling in Transport Lines}},
    url = {http://arxiv.org/abs/physics/0008194},
    volume = {4},
    year = {2000}
}
@article{Xiao2013,
    title = {Single-knob beam line for transverse emittance partitioning},
    author = {Xiao, C. and Kester, O. K. and Groening, L. and Leibrock, H. and Maier, M. and Rottl\"ander, P.},
    journal = {Phys. Rev. ST Accel. Beams},
    volume = {16},
    issue = {4},
    pages = {044201},
    numpages = {9},
    year = {2013},
    month = {Apr},
    publisher = {American Physical Society},
    doi = {10.1103/PhysRevSTAB.16.044201},
    url = {https://link.aps.org/doi/10.1103/PhysRevSTAB.16.044201}
}
@article{Wright2006,
    author = {Wright, M. C. M.},
    year = {2006},
    title = {Green function or green's function?},
    journal = {Nature Physics},
    issue = {10},
    pages = {646-646},
    doi = {10.1038/nphys411},
}
@article{Yee-Rendon2021,
    author = {Yee-Rendon, Bruce and Kondo, Yasuhiro and Maekawa, Fujio and Meigo, Shin-ichiro and Tamura, Jun},
    doi = {10.1103/physrevaccelbeams.24.120101},
    issn = {2469-9888},
    journal = {Physical Review Accelerators and Beams},
    number = {12},
    pages = {120101},
    publisher = {American Physical Society},
    title = {Design and beam dynamic studies of a 30-MW superconducting linac for an accelerator-driven subcritical system},
    url = {https://doi.org/10.1103/PhysRevAccelBeams.24.120101},
    volume = {24},
    year = {2021}
}
@article{Yuan2017,
    author = {Yuan, Yao Shuo and Boine-Frankenheim, Oliver and Hofmann, Ingo},
    doi = {10.1103/PhysRevAccelBeams.20.104201},
    issn = {24699888},
    journal = {Physical Review Accelerators and Beams},
    number = {10},
    pages = {1--7},
    title = {{Modeling of second order space charge driven coherent sum and difference instabilities}},
    volume = {20},
    year = {2017}
}